@article{kalman1960new,
  title={A new approach to linear filtering and prediction problems},
  author={Kalman, Rudolph Emil},
  year={1960}
}
@book{reich2015probabilistic,
  title={Probabilistic forecasting and Bayesian data assimilation},
  author={Reich, Sebastian and Cotter, Colin},
  year={2015},
  publisher={Cambridge University Press}
}
@article{evensen1994sequential,
  title={Sequential data assimilation with a nonlinear quasi-geostrophic model using Monte Carlo methods to forecast error statistics},
  author={Evensen, Geir},
  journal={Journal of Geophysical Research: Oceans},
  volume={99},
  number={C5},
  pages={10143--10162},
  year={1994},
  publisher={Wiley Online Library}
}
@article{sakov2008deterministic,
  title={A deterministic formulation of the ensemble Kalman filter: an alternative to ensemble square root filters},
  author={Sakov, Pavel and Oke, Peter R},
  journal={Tellus A: Dynamic Meteorology and Oceanography},
  volume={60},
  number={2},
  pages={361--371},
  year={2008},
  publisher={Taylor \& Francis}
}
@book{mandel2006efficient,
  title={Efficient implementation of the ensemble Kalman filter},
  author={Mandel, Jan},
  year={2006},
  publisher={University of Colorado at Denver and Health Sciences Center, Center for~â€¦}
}
@article{vandenberghe2015chordal,
  title={Chordal graphs and semidefinite optimization},
  author={Vandenberghe, Lieven and Andersen, Martin S},
  journal={Foundations and Trends in Optimization},
  volume={1},
  number={4},
  pages={241--433},
  year={2015},
  publisher={Now Publishers Inc. Hanover, MA, USA}
}
@article{katzfuss2016understanding,
  title={Understanding the ensemble Kalman filter},
  author={Katzfuss, Matthias and Stroud, Jonathan R and Wikle, Christopher K},
  journal={The American Statistician},
  volume={70},
  number={4},
  pages={350--357},
  year={2016},
  publisher={Taylor \& Francis}
}
@article{evensen2003ensemble,
  title={The ensemble Kalman filter: Theoretical formulation and practical implementation},
  author={Evensen, Geir},
  journal={Ocean dynamics},
  volume={53},
  number={4},
  pages={343--367},
  year={2003},
  publisher={Springer}
}
@article{nino2015efficient,
  title={An efficient implementation of the ensemble Kalman filter based on an iterative Sherman--Morrison formula},
  author={Nino Ruiz, Elias D and Sandu, Adrian and Anderson, Jeffrey},
  journal={Statistics and Computing},
  volume={25},
  number={3},
  pages={561--577},
  year={2015},
  publisher={Springer}
}
@article{mandel2011convergence,
    title = {On the convergence of the ensemble Kalman filter},
    author = {Mandel, Jan and Cobb, Loren and Beezley, Jonathan D},
    year = 2011,
    journal = {Applications of Mathematics},
    publisher = {Springer},
    volume = 56,
    number = 6,
    pages = {533--541}
}
@phdthesis{le2009large,
  title={Large sample asymptotics for the ensemble Kalman filter},
  author={Le Gland, Fran{\c{c}}ois and Monbet, Val{\'e}rie and Tran, Vu-Duc},
  year={2009},
  school={INRIA}
}
@article{roth2017ensemble,
  title={The Ensemble Kalman filter: a signal processing perspective},
  author={Roth, Michael and Hendeby, Gustaf and Fritsche, Carsten and Gustafsson, Fredrik},
  journal={EURASIP Journal on Advances in Signal Processing},
  volume={2017},
  number={1},
  pages={1--16},
  year={2017},
  publisher={Springer}
}
@article{saibaba2015fast,
  title={Fast Kalman filter using hierarchical matrices and a low-rank perturbative approach},
  author={Saibaba, Arvind K and Miller, Eric L and Kitanidis, Peter K},
  journal={Inverse Problems},
  volume={31},
  number={1},
  pages={015009},
  year={2015},
  publisher={IOP Publishing}
}
@inproceedings{julier1997new,
  title={New extension of the Kalman filter to nonlinear systems},
  author={Julier, Simon J and Uhlmann, Jeffrey K},
  booktitle={Signal processing, sensor fusion, and target recognition VI},
  volume={3068},
  pages={182--193},
  year={1997},
  organization={International Society for Optics and Photonics}
}